<collection xmlns="http://www.loc.gov/MARC21/slim"><record><leader>00828nam  2200253   450</leader><controlfield tag="001">160</controlfield><controlfield tag="003">http://montalegre.opacnet.com/OPAC/default.aspx?ContentAreaControl=ShowRegHoldings.ascx&amp;RegNo=16662</controlfield><controlfield tag="005">20</controlfield><datafield tag="021" ind1=" " ind2=" "><subfield code="a">PT</subfield><subfield code="b">7646/85</subfield></datafield><datafield tag="095" ind1=" " ind2=" "><subfield code="a">PTBN00116158</subfield></datafield><datafield tag="100" ind1=" " ind2=" "><subfield code="a">19851101d1985    m  y0pora010305  ba</subfield></datafield><datafield tag="101" ind1="1" ind2=" "><subfield code="a">por</subfield><subfield code="c">eng</subfield></datafield><datafield tag="102" ind1=" " ind2=" "><subfield code="a">PT</subfield></datafield><datafield tag="200" ind1="1" ind2=" "><subfield code="a">&lt;A &gt;jeira de Deus</subfield><subfield code="f">Erskine Caldwell</subfield><subfield code="g">trad. Silvano Ferreira</subfield></datafield><datafield tag="210" ind1=" " ind2=" "><subfield code="a">Lisboa</subfield><subfield code="c">Ulisseia</subfield><subfield code="d">1985</subfield></datafield><datafield tag="215" ind1=" " ind2=" "><subfield code="a">202, [1] p.</subfield><subfield code="d">22 cm</subfield></datafield><datafield tag="225" ind1="2" ind2=" "><subfield code="a">Clássicos do romance contemporâneo</subfield><subfield code="v">49</subfield></datafield><datafield tag="304" ind1=" " ind2=" "><subfield code="a">Tit. orig.: God's little acre</subfield></datafield><datafield tag="675" ind1=" " ind2=" "><subfield code="a">821</subfield></datafield><datafield tag="700" ind1=" " ind2="1"><subfield code="a">Caldwell</subfield><subfield code="b">Erskine</subfield><subfield code="f">1903-1987</subfield></datafield><datafield tag="702" ind1=" " ind2="1"><subfield code="a">Ferreira</subfield><subfield code="b">Silvano</subfield><subfield code="4">730</subfield></datafield><datafield tag="801" ind1=" " ind2="0"><subfield code="a">PT</subfield><subfield code="b">Biblioteca Municipal de Montalegre</subfield><subfield code="g">RPC</subfield></datafield><datafield tag="856" ind1=" " ind2=" "><subfield code="u">locateMedia.asp?cod=20060509160945&amp;ext=jpg</subfield><subfield code="z">CAPA</subfield></datafield><datafield tag="909" ind1="&#9;" ind2=" "><subfield code="a">2</subfield></datafield><datafield tag="966" ind1=" " ind2=" "><subfield code="a">0008381</subfield><subfield code="l">BMM</subfield><subfield code="s">SCG 821 CAL jei 49</subfield></datafield><datafield tag="966" ind1=" " ind2=" "><subfield code="a">0008632</subfield><subfield code="l">BMM</subfield><subfield code="s">SCG 821 CAL jei 49</subfield></datafield></record></collection>